@article{DBLP:journals/pacmpl/FruminTB24,
  author       = {Dan Frumin and
                  Amin Timany and
                  Lars Birkedal},
  title        = {Modular Denotational Semantics for Effects with Guarded Interaction
                  Trees},
  journal      = {Proc. {ACM} Program. Lang.},
  volume       = {8},
  number       = {{POPL}},
  pages        = {332--361},
  year         = {2024},
  url          = {https://doi.org/10.1145/3632854},
  doi          = {10.1145/3632854},
  timestamp    = {Thu, 25 Jan 2024 09:55:47 +0100},
  biburl       = {https://dblp.org/rec/journals/pacmpl/FruminTB24.bib},
  bibsource    = {dblp computer science bibliography, https://dblp.org}
}

@article{DBLP:journals/pacmpl/TimanyB19,
  author       = {Amin Timany and
                  Lars Birkedal},
  title        = {Mechanized relational verification of concurrent programs with continuations},
  journal      = {Proc. {ACM} Program. Lang.},
  volume       = {3},
  number       = {{ICFP}},
  pages        = {105:1--105:28},
  year         = {2019},
  url          = {https://doi.org/10.1145/3341709},
  doi          = {10.1145/3341709},
  timestamp    = {Wed, 17 Feb 2021 08:53:58 +0100},
  biburl       = {https://dblp.org/rec/journals/pacmpl/TimanyB19.bib},
  bibsource    = {dblp computer science bibliography, https://dblp.org}
}

@inproceedings{DBLP:conf/ifip2/FelleisenF87,
  author       = {Matthias Felleisen and
                  Daniel P. Friedman},
  editor       = {Martin Wirsing},
  title        = {Control operators, the SECD-machine, and the {\(\lambda\)}-calculus},
  booktitle    = {Formal Description of Programming Concepts - {III:} Proceedings of
                  the {IFIP} {TC} 2/WG 2.2 Working Conference on Formal Description
                  of Programming Concepts - III, Ebberup, Denmark, 25-28 August 1986},
  pages        = {193--222},
  publisher    = {North-Holland},
  year         = {1987},
  timestamp    = {Thu, 10 Jan 2019 14:38:20 +0100},
  biburl       = {https://dblp.org/rec/conf/ifip2/FelleisenF87.bib},
  bibsource    = {dblp computer science bibliography, https://dblp.org}
}

@inproceedings{DBLP:conf/fsen/Berger09,
  author       = {Martin Berger},
  editor       = {Farhad Arbab and
                  Marjan Sirjani},
  title        = {Program Logics for Sequential Higher-Order Control},
  booktitle    = {Fundamentals of Software Engineering, Third {IPM} International Conference,
                  {FSEN} 2009, Kish Island, Iran, April 15-17, 2009, Revised Selected
                  Papers},
  series       = {Lecture Notes in Computer Science},
  volume       = {5961},
  pages        = {194--211},
  publisher    = {Springer},
  year         = {2009},
  url          = {https://doi.org/10.1007/978-3-642-11623-0\_11},
  doi          = {10.1007/978-3-642-11623-0\_11},
  timestamp    = {Tue, 15 Nov 2022 15:22:35 +0100},
  biburl       = {https://dblp.org/rec/conf/fsen/Berger09.bib},
  bibsource    = {dblp computer science bibliography, https://dblp.org}
}

@inproceedings{DBLP:conf/popl/BirkedalRSSTY11,
  author       = {Lars Birkedal and
                  Bernhard Reus and
                  Jan Schwinghammer and
                  Kristian St{\o}vring and
                  Jacob Thamsborg and
                  Hongseok Yang},
  editor       = {Thomas Ball and
                  Mooly Sagiv},
  title        = {Step-indexed kripke models over recursive worlds},
  booktitle    = {Proceedings of the 38th {ACM} {SIGPLAN-SIGACT} Symposium on Principles
                  of Programming Languages, {POPL} 2011, Austin, TX, USA, January 26-28,
                  2011},
  pages        = {119--132},
  publisher    = {{ACM}},
  year         = {2011},
  url          = {https://doi.org/10.1145/1926385.1926401},
  doi          = {10.1145/1926385.1926401},
  timestamp    = {Thu, 24 Jun 2021 16:19:31 +0200},
  biburl       = {https://dblp.org/rec/conf/popl/BirkedalRSSTY11.bib},
  bibsource    = {dblp computer science bibliography, https://dblp.org}
}

@inproceedings{DBLP:conf/lfp/DanvyF90,
  author       = {Olivier Danvy and
                  Andrzej Filinski},
  editor       = {Gilles Kahn},
  title        = {Abstracting Control},
  booktitle    = {Proceedings of the 1990 {ACM} Conference on {LISP} and Functional
                  Programming, {LFP} 1990, Nice, France, 27-29 June 1990},
  pages        = {151--160},
  publisher    = {{ACM}},
  year         = {1990},
  url          = {https://doi.org/10.1145/91556.91622},
  doi          = {10.1145/91556.91622},
  timestamp    = {Fri, 06 Aug 2021 15:08:55 +0200},
  biburl       = {https://dblp.org/rec/conf/lfp/DanvyF90.bib},
  bibsource    = {dblp computer science bibliography, https://dblp.org}
}

@inproceedings{DBLP:conf/icfp/DelbiancoN13,
  author       = {Germ{\'{a}}n Andr{\'{e}}s Delbianco and
                  Aleksandar Nanevski},
  editor       = {Greg Morrisett and
                  Tarmo Uustalu},
  title        = {Hoare-style reasoning with (algebraic) continuations},
  booktitle    = {{ACM} {SIGPLAN} International Conference on Functional Programming,
                  ICFP'13, Boston, MA, {USA} - September 25 - 27, 2013},
  pages        = {363--376},
  publisher    = {{ACM}},
  year         = {2013},
  url          = {https://doi.org/10.1145/2500365.2500593},
  doi          = {10.1145/2500365.2500593},
  timestamp    = {Thu, 24 Jun 2021 16:19:30 +0200},
  biburl       = {https://dblp.org/rec/conf/icfp/DelbiancoN13.bib},
  bibsource    = {dblp computer science bibliography, https://dblp.org}
}

@inproceedings{DBLP:conf/popl/Dinsdale-YoungBGPY13,
  author       = {Thomas Dinsdale{-}Young and
                  Lars Birkedal and
                  Philippa Gardner and
                  Matthew J. Parkinson and
                  Hongseok Yang},
  editor       = {Roberto Giacobazzi and
                  Radhia Cousot},
  title        = {Views: compositional reasoning for concurrent programs},
  booktitle    = {The 40th Annual {ACM} {SIGPLAN-SIGACT} Symposium on Principles of
                  Programming Languages, {POPL} '13, Rome, Italy - January 23 - 25,
                  2013},
  pages        = {287--300},
  publisher    = {{ACM}},
  year         = {2013},
  url          = {https://doi.org/10.1145/2429069.2429104},
  doi          = {10.1145/2429069.2429104},
  timestamp    = {Sat, 31 Jul 2021 17:22:15 +0200},
  biburl       = {https://dblp.org/rec/conf/popl/Dinsdale-YoungBGPY13.bib},
  bibsource    = {dblp computer science bibliography, https://dblp.org}
}

@article{DBLP:journals/corr/abs-1103-0510,
  author       = {Derek Dreyer and
                  Amal Ahmed and
                  Lars Birkedal},
  title        = {Logical Step-Indexed Logical Relations},
  journal      = {Log. Methods Comput. Sci.},
  volume       = {7},
  number       = {2},
  year         = {2011},
  url          = {https://doi.org/10.2168/LMCS-7(2:16)2011},
  doi          = {10.2168/LMCS-7(2:16)2011},
  timestamp    = {Sun, 16 Apr 2023 20:31:20 +0200},
  biburl       = {https://dblp.org/rec/journals/corr/abs-1103-0510.bib},
  bibsource    = {dblp computer science bibliography, https://dblp.org}
}

@article{DBLP:journals/jfp/DreyerNB12,
  author       = {Derek Dreyer and
                  Georg Neis and
                  Lars Birkedal},
  title        = {The impact of higher-order state and control effects on local relational
                  reasoning},
  journal      = {J. Funct. Program.},
  volume       = {22},
  number       = {4-5},
  pages        = {477--528},
  year         = {2012},
  url          = {https://doi.org/10.1017/S095679681200024X},
  doi          = {10.1017/S095679681200024X},
  timestamp    = {Sat, 27 May 2017 14:24:34 +0200},
  biburl       = {https://dblp.org/rec/journals/jfp/DreyerNB12.bib},
  bibsource    = {dblp computer science bibliography, https://dblp.org}
}

@inproceedings{DBLP:conf/popl/Felleisen88,
  author       = {Matthias Felleisen},
  editor       = {Jeanne Ferrante and
                  Peter Mager},
  title        = {The Theory and Practice of First-Class Prompts},
  booktitle    = {Conference Record of the Fifteenth Annual {ACM} Symposium on Principles
                  of Programming Languages, San Diego, California, USA, January 10-13,
                  1988},
  pages        = {180--190},
  publisher    = {{ACM} Press},
  year         = {1988},
  url          = {https://doi.org/10.1145/73560.73576},
  doi          = {10.1145/73560.73576},
  timestamp    = {Thu, 16 Sep 2021 11:02:28 +0200},
  biburl       = {https://dblp.org/rec/conf/popl/Felleisen88.bib},
  bibsource    = {dblp computer science bibliography, https://dblp.org}
}

@article{DBLP:journals/tcs/FelleisenH92,
  author       = {Matthias Felleisen and
                  Robert Hieb},
  title        = {The Revised Report on the Syntactic Theories of Sequential Control
                  and State},
  journal      = {Theor. Comput. Sci.},
  volume       = {103},
  number       = {2},
  pages        = {235--271},
  year         = {1992},
  url          = {https://doi.org/10.1016/0304-3975(92)90014-7},
  doi          = {10.1016/0304-3975(92)90014-7},
  timestamp    = {Wed, 17 Feb 2021 21:58:59 +0100},
  biburl       = {https://dblp.org/rec/journals/tcs/FelleisenH92.bib},
  bibsource    = {dblp computer science bibliography, https://dblp.org}
}

@inproceedings{DBLP:conf/popl/FriedmanH85,
  author       = {Daniel P. Friedman and
                  Christopher T. Haynes},
  editor       = {Mary S. Van Deusen and
                  Zvi Galil and
                  Brian K. Reid},
  title        = {Constraining Control},
  booktitle    = {Conference Record of the Twelfth Annual {ACM} Symposium on Principles
                  of Programming Languages, New Orleans, Louisiana, USA, January 1985},
  pages        = {245--254},
  publisher    = {{ACM} Press},
  year         = {1985},
  url          = {https://doi.org/10.1145/318593.318654},
  doi          = {10.1145/318593.318654},
  timestamp    = {Tue, 06 Nov 2018 11:07:43 +0100},
  biburl       = {https://dblp.org/rec/conf/popl/FriedmanH85.bib},
  bibsource    = {dblp computer science bibliography, https://dblp.org}
}

@inproceedings{DBLP:conf/icfp/0002KBD16,
  author       = {Ralf Jung and
                  Robbert Krebbers and
                  Lars Birkedal and
                  Derek Dreyer},
  editor       = {Jacques Garrigue and
                  Gabriele Keller and
                  Eijiro Sumii},
  title        = {Higher-order ghost state},
  booktitle    = {Proceedings of the 21st {ACM} {SIGPLAN} International Conference on
                  Functional Programming, {ICFP} 2016, Nara, Japan, September 18-22,
                  2016},
  pages        = {256--269},
  publisher    = {{ACM}},
  year         = {2016},
  url          = {https://doi.org/10.1145/2951913.2951943},
  doi          = {10.1145/2951913.2951943},
  timestamp    = {Sat, 30 Sep 2023 09:45:14 +0200},
  biburl       = {https://dblp.org/rec/conf/icfp/0002KBD16.bib},
  bibsource    = {dblp computer science bibliography, https://dblp.org}
}

@article{DBLP:journals/jfp/JungKJBBD18,
  author       = {Ralf Jung and
                  Robbert Krebbers and
                  Jacques{-}Henri Jourdan and
                  Ales Bizjak and
                  Lars Birkedal and
                  Derek Dreyer},
  title        = {Iris from the ground up: {A} modular foundation for higher-order concurrent
                  separation logic},
  journal      = {J. Funct. Program.},
  volume       = {28},
  pages        = {e20},
  year         = {2018},
  url          = {https://doi.org/10.1017/S0956796818000151},
  doi          = {10.1017/S0956796818000151},
  timestamp    = {Sat, 30 Sep 2023 10:19:01 +0200},
  biburl       = {https://dblp.org/rec/journals/jfp/JungKJBBD18.bib},
  bibsource    = {dblp computer science bibliography, https://dblp.org}
}

@inproceedings{DBLP:conf/popl/JungSSSTBD15,
  author       = {Ralf Jung and
                  David Swasey and
                  Filip Sieczkowski and
                  Kasper Svendsen and
                  Aaron Turon and
                  Lars Birkedal and
                  Derek Dreyer},
  editor       = {Sriram K. Rajamani and
                  David Walker},
  title        = {Iris: Monoids and Invariants as an Orthogonal Basis for Concurrent
                  Reasoning},
  booktitle    = {Proceedings of the 42nd Annual {ACM} {SIGPLAN-SIGACT} Symposium on
                  Principles of Programming Languages, {POPL} 2015, Mumbai, India, January
                  15-17, 2015},
  pages        = {637--650},
  publisher    = {{ACM}},
  year         = {2015},
  url          = {https://doi.org/10.1145/2676726.2676980},
  doi          = {10.1145/2676726.2676980},
  timestamp    = {Sat, 30 Sep 2023 09:54:52 +0200},
  biburl       = {https://dblp.org/rec/conf/popl/JungSSSTBD15.bib},
  bibsource    = {dblp computer science bibliography, https://dblp.org}
}

@inproceedings{DBLP:conf/esop/Krebbers0BJDB17,
  author       = {Robbert Krebbers and
                  Ralf Jung and
                  Ales Bizjak and
                  Jacques{-}Henri Jourdan and
                  Derek Dreyer and
                  Lars Birkedal},
  editor       = {Hongseok Yang},
  title        = {The Essence of Higher-Order Concurrent Separation Logic},
  booktitle    = {Programming Languages and Systems - 26th European Symposium on Programming,
                  {ESOP} 2017, Held as Part of the European Joint Conferences on Theory
                  and Practice of Software, {ETAPS} 2017, Uppsala, Sweden, April 22-29,
                  2017, Proceedings},
  series       = {Lecture Notes in Computer Science},
  volume       = {10201},
  pages        = {696--723},
  publisher    = {Springer},
  year         = {2017},
  url          = {https://doi.org/10.1007/978-3-662-54434-1\_26},
  doi          = {10.1007/978-3-662-54434-1\_26},
  timestamp    = {Sat, 30 Sep 2023 09:40:24 +0200},
  biburl       = {https://dblp.org/rec/conf/esop/Krebbers0BJDB17.bib},
  bibsource    = {dblp computer science bibliography, https://dblp.org}
}

@inproceedings{DBLP:conf/popl/KrebbersTB17,
  author       = {Robbert Krebbers and
                  Amin Timany and
                  Lars Birkedal},
  editor       = {Giuseppe Castagna and
                  Andrew D. Gordon},
  title        = {Interactive proofs in higher-order concurrent separation logic},
  booktitle    = {Proceedings of the 44th {ACM} {SIGPLAN} Symposium on Principles of
                  Programming Languages, {POPL} 2017, Paris, France, January 18-20,
                  2017},
  pages        = {205--217},
  publisher    = {{ACM}},
  year         = {2017},
  url          = {https://doi.org/10.1145/3009837.3009855},
  doi          = {10.1145/3009837.3009855},
  timestamp    = {Mon, 28 Aug 2023 21:17:40 +0200},
  biburl       = {https://dblp.org/rec/conf/popl/KrebbersTB17.bib},
  bibsource    = {dblp computer science bibliography, https://dblp.org}
}







